@techreport{castryck2018csidh,
	title={CSIDH: An efficient post-quantum commutative group action},
	author={Castryck, Wouter and Lange, Tanja and Martindale, Chloe and Panny, Lorenz and Renes, 
	Joost},
	year={2018},
	institution={Cryptology ePrint Archive, Report 2018/383}
}

@inproceedings{de2018towards,
	title={Towards practical key exchange from ordinary isogeny graphs},
	author={De Feo, Luca and Kieffer, Jean and Smith, Benjamin},
	booktitle={International Conference on the Theory and Application of Cryptology and Information 
	Security},
	pages={365--394},
	year={2018},
	organization={Springer}
}

@book{washington2003elliptic,
	title={Elliptic curves: number theory and cryptography},
	author={Washington, Lawrence C},
	year={2003},
	publisher={Chapman and Hall/CRC}
}

@book{silverman2009arithmetic,
	title={The arithmetic of elliptic curves},
	author={Silverman, Joseph H},
	volume={106},
	year={2009},
	publisher={Springer Science \& Business Media}
}

@article{cheung2001decomposing,
	title={Decomposing finite Abelian groups},
	author={Cheung, Kevin KH and Mosca, Michele},
	journal={Quantum Information \& Computation},
	volume={1},
	number={3},
	pages={26--32},
	year={2001},
	publisher={Rinton Press, Incorporated}
}

@book{watrous2018theory,
  title={The theory of quantum information},
  author={Watrous, John},
  year={2018},
  publisher={Cambridge University Press}
}

@book{serre1977linear,
  title={Linear representations of finite groups},
  author={Serre, Jean-Pierre and others},
  volume={42},
  year={1977},
  publisher={Springer}
}

@article{hallgren2003hidden,
	title={The hidden subgroup problem and quantum computation using group representations},
	author={Hallgren, Sean and Russell, Alexander and Ta-Shma, Amnon},
	journal={SIAM Journal on Computing},
	volume={32},
	number={4},
	pages={916--934},
	year={2003},
	publisher={SIAM}
}

@book{kaye2007introduction,
	title={An introduction to quantum computing},
	author={Kaye, Phillip and Laflamme, Raymond and Mosca, Michele},
	year={2007},
	publisher={Oxford University Press}
}

@inproceedings{cleve1998quantum,
	title={Quantum algorithms revisited},
	author={Cleve, Richard and Ekert, Artur and Macchiavello, Chiara and Mosca, Michele},
	booktitle={Proceedings of the Royal Society of London A: Mathematical, Physical and Engineering 
	Sciences},
	volume={454},
	number={1969},
	pages={339--354},
	year={1998},
	organization={The Royal Society}
}

@article{couveignes2006hard,
  title={Hard Homogeneous Spaces.},
  author={Couveignes, Jean Marc},
  journal={IACR Cryptology ePrint Archive},
  volume={2006},
  pages={291},
  year={2006},
  publisher={Citeseer}
}


